@book{metaprogramming,
  title  = {Metaprogramming in Lean 4},
  author = {Paulino, Arthur and Testa, Damiano and Ayers, Edwards and Karunus, Evgenia and BÃ¶ving, Henrik and Limperg, Jannis and Gadgil, Siddhartha and Bhat, Siddharth},
  year   = 2024,
  url    = {https://leanprover-community.github.io/lean4-metaprogramming-book/}
}

@article{ngpdbccdlrrvwwk-oopsla-2024,
  author={Tim Nelson and Ben Greenman and Siddhartha Prasad and Tristan Dyer and Ethan Bove and Qianfan Chen and Charles Cutting and Thomas Del Vecchio and Sidney LeVine and Julianne Rudner and Ben Ryjikov and Alexander Varga and Andrew Wagner and Luke West and Shriram Krishnamurthi},
  title = {{Forge}: A Tool and Language for Teaching Formal Methods},
  journal={Proceedings of the ACM on Programming Languages},
  volume = {8},
  number = {{OOPSLA1}},
  pages = {1--31},
  year={2024}
}

@misc{forge-docs,
  author={Tim Nelson},
  title={{Forge Language Documentation}},
  year={2024},
  note={\url{https://csci1710.github.io/forge-documentation/home.html}}
}

@software{nelson2024artifact,
  author={Tim Nelson and Ben Greenman and Siddhartha Prasad and Tristan Dyer and Ethan Bove and Qianfan Chen and Charles Cutting and Thomas Del Vecchio and Sidney LeVine and Julianne Rudner and Ben Ryjikov and Alexander Varga and Andrew Wagner and Luke West and Shriram Krishnamurthi},
  title        = {{Artifact for Forge: A Tool and Language for
                   Teaching Formal Methods}},
  month        = jan,
  year         = 2024,
  publisher    = {Zenodo},
  version      = {0.3},
  doi          = {10.5281/zenodo.10463960},
  url          = {https://doi.org/10.5281/zenodo.10463960}
}

% Need to change the kind
@mastersthesis{milicevic2010executable,
  title={Executable specifications for Java programs},
  author={Milicevic, Aleksandar and others},
  year={2010},
  school={Massachusetts Institute of Technology}
}
