@article{carney2012ancoli,
  title={Ancoli-Israel Set al},
  author={Carney, CE and Buysse, DJ},
  journal={The consensus sleep diary: standardizing prospective sleep self-monitoring. Sleep},
  volume={35},
  number={2},
  pages={287--302},
  year={2012}
}

@article{korman2020covid,
  title={COVID-19-mandated social restrictions unveil the impact of social time pressure on sleep and body clock},
  author={Korman, Maria and Tkachev, Vadim and Reis, C{\'a}tia and Komada, Yoko and Kitamura, Shingo and Gubin, Denis and Kumar, Vinod and Roenneberg, Till},
  journal={Scientific Reports},
  volume={10},
  number={1},
  pages={22225},
  year={2020},
  publisher={Nature Publishing Group UK London}
}

@article{lunsford2018validation,
  title={Validation of the sleep regularity index in older adults and associations with cardiometabolic risk},
  author={Lunsford-Avery, Jessica R and Engelhard, Matthew M and Navar, Ann Marie and Kollins, Scott H},
  journal={Scientific reports},
  volume={8},
  number={1},
  pages={14158},
  year={2018},
  publisher={Nature Publishing Group UK London}
}

@article{phillips2017irregular,
  title={Irregular sleep/wake patterns are associated with poorer academic performance and delayed circadian and sleep/wake timing},
  author={Phillips, Andrew JK and Clerx, William M and Oâ€™Brien, Conor S and Sano, Akane and Barger, Laura K and Picard, Rosalind W and Lockley, Steven W and Klerman, Elizabeth B and Czeisler, Charles A},
  journal={Scientific reports},
  volume={7},
  number={1},
  pages={3216},
  year={2017},
  publisher={Nature Publishing Group UK London}
}

@article{fino2020not,
  title={(Not so) Smart sleep tracking through the phone: Findings from a polysomnography study testing the reliability of four sleep applications},
  author={Fino, Edita and Plazzi, Giuseppe and Filardi, Marco and Marzocchi, Michele and Pizza, Fabio and Vandi, Stefano and Mazzetti, Michela},
  journal={Journal of sleep research},
  volume={29},
  number={1},
  pages={e12935},
  year={2020}
}

@article{sano2016influence,
  title={Influence of sleep regularity on self-reported mental health and wellbeing},
  author={Sano, Akane and Phillips, Andrew J and Taylor, Sara and McHill, Andrew W and O'Brien, Conor and Buie, Justin and Hidalgo, Cesar A and Barger, Laura and Czeisler, Charles A and Klerman, Elizabeth B and others},
  journal={Sleep},
  volume={39},
  pages={A68},
  year={2016}
}

@article{murray2019sleep,
  title={Sleep regularity is associated with sleep-wake and circadian timing, and mediates daytime function in delayed sleep-wake phase disorder},
  author={Murray, Jade M and Phillips, Andrew JK and Magee, Michelle and Sletten, Tracey L and Gordon, Christopher and Lovato, Nicole and Bei, Bei and Bartlett, Delwyn J and Kennaway, David J and Lack, Leon C and others},
  journal={Sleep medicine},
  volume={58},
  pages={93--101},
  year={2019},
  publisher={Elsevier}
}

@article{windred2021objective,
  title={Objective assessment of sleep regularity in 60 000 UK Biobank participants using an open-source package},
  author={Windred, Daniel P and Jones, Samuel E and Russell, Alex and Burns, Angus C and Chan, Philip and Weedon, Michael N and Rutter, Martin K and Olivier, Patrick and Vetter, C{\'e}line and Saxena, Richa and others},
  journal={Sleep},
  volume={44},
  number={12},
  pages={zsab254},
  year={2021},
  publisher={Oxford University Press US}
}

@article{fischer2021measuring,
  title={Measuring sleep regularity: theoretical properties and practical usage of existing metrics},
  author={Fischer, Dorothee and Klerman, Elizabeth B and Phillips, Andrew JK},
  journal={Sleep},
  volume={44},
  number={10},
  pages={zsab103},
  year={2021},
  publisher={Oxford University Press US}
}

@inproceedings{siegel2021prototyping,
  title={Prototyping formal methods tools: A protocol analysis case study},
  author={Siegel, Abigail and Santomauro, Mia and Dyer, Tristan and Nelson, Tim and Krishnamurthi, Shriram},
  booktitle={Protocols, Strands, and Logic: Essays Dedicated to Joshua Guttman on the Occasion of his 66.66 th Birthday},
  pages={394--413},
  year={2021},
  organization={Springer International Publishing}
}

@book{jackson2012software,
  title={Software Abstractions: logic, language, and analysis},
  author={Jackson, Daniel},
  year={2012},
  publisher={MIT press}
}

@inproceedings{marinov2001testera,
  title={TestEra: A novel framework for automated testing of Java programs},
  author={Marinov, Darko and Khurshid, Sarfraz},
  booktitle={Proceedings 16th Annual International Conference on Automated Software Engineering (ASE 2001)},
  pages={22--31},
  year={2001},
  organization={IEEE}
}

@article{hierons2009using,
  title={Using formal specifications to support testing},
  author={Hierons, Robert M and Bogdanov, Kirill and Bowen, Jonathan P and Cleaveland, Rance and Derrick, John and Dick, Jeremy and Gheorghe, Marian and Harman, Mark and Kapoor, Kalpesh and Krause, Paul and others},
  journal={ACM Computing Surveys (CSUR)},
  volume={41},
  number={2},
  pages={1--76},
  year={2009},
  publisher={ACM New York, NY, USA}
}

@article{woodcock2009formal,
  title={Formal methods: Practice and experience},
  author={Woodcock, Jim and Larsen, Peter Gorm and Bicarregui, Juan and Fitzgerald, John},
  journal={ACM computing surveys (CSUR)},
  volume={41},
  number={4},
  pages={1--36},
  year={2009},
  publisher={ACM New York, NY, USA}
}

@inproceedings{moura2021lean,
  title={The lean 4 theorem prover and programming language},
  author={Moura, Leonardo de and Ullrich, Sebastian},
  booktitle={Automated Deduction--CADE 28: 28th International Conference on Automated Deduction, Virtual Event, July 12--15, 2021, Proceedings 28},
  pages={625--635},
  year={2021},
  organization={Springer}
}

@inproceedings{de2015lean,
  title={The Lean theorem prover (system description)},
  author={De Moura, Leonardo and Kong, Soonho and Avigad, Jeremy and Van Doorn, Floris and von Raumer, Jakob},
  booktitle={Automated Deduction-CADE-25: 25th International Conference on Automated Deduction, Berlin, Germany, August 1-7, 2015, Proceedings 25},
  pages={378--388},
  year={2015},
  organization={Springer International Publishing}
}

@misc{avigad2024theorem,
  title={Theorem proving in Lean},
  author={Avigad, Jeremy and De Moura, Leonardo and Kong, Soonho and Ullrich, Sebastian},
  year={2024}
}

@article{milicevic2019alloy,
  title={Alloy*: A general-purpose higher-order relational constraint solver},
  author={Milicevic, Aleksandar and Near, Joseph P and Kang, Eunsuk and Jackson, Daniel},
  journal={Formal Methods in System Design},
  volume={55},
  pages={1--32},
  year={2019},
  publisher={Springer}
}

@article{jackson2019alloy,
  title={Alloy: a language and tool for exploring software designs},
  author={Jackson, Daniel},
  journal={Communications of the ACM},
  volume={62},
  number={9},
  pages={66--76},
  year={2019},
  publisher={ACM New York, NY, USA}
}

@inproceedings{bertot2008short,
  title={A short presentation of Coq},
  author={Bertot, Yves},
  booktitle={Theorem Proving in Higher Order Logics: 21st International Conference, TPHOLs 2008, Montreal, Canada, August 18-21, 2008. Proceedings 21},
  pages={12--16},
  year={2008},
  organization={Springer}
}

@article{hardy1929mathematical,
  title={Mathematical proof},
  author={Hardy, Godfrey Harold},
  journal={Mind},
  volume={38},
  number={149},
  pages={1--25},
  year={1929},
  publisher={JSTOR}
}

@article{chaitin1975randomness,
  title={Randomness and mathematical proof},
  author={Chaitin, Gregory J},
  journal={Scientific American},
  volume={232},
  number={5},
  pages={47--53},
  year={1975},
  publisher={JSTOR}
}

@article{swart1980philosophical,
  title={The philosophical implications of the four-color problem},
  author={Swart, Edward R},
  journal={The American mathematical monthly},
  volume={87},
  number={9},
  pages={697--707},
  year={1980},
  publisher={Taylor \& Francis}
}

@article{tymoczko1979four,
  title={The four-color problem and its philosophical significance},
  author={Tymoczko, Thomas},
  journal={The journal of philosophy},
  volume={76},
  number={2},
  pages={57--83},
  year={1979},
  publisher={JSTOR}
}

@misc{wilson2014four,
  title={Four Colors Suffice: How the Map Problem Was Solved-Revised Color Edition},
  author={Wilson, Robin},
  year={2014},
  publisher={Princeton university press}
}

@article{gonthier2008formal,
  title={Formal proof--the four-color theorem},
  author={Gonthier, Georges and others},
  journal={Notices of the AMS},
  volume={55},
  number={11},
  pages={1382--1393},
  year={2008}
}

@incollection{appel2019every,
  title={Every planar map is four colorable},
  author={Appel, Kenneth and Haken, Wolfgang},
  booktitle={Mathematical Solitaires and Games},
  pages={145--152},
  year={2019},
  publisher={Routledge}
}

@book{gowers2010princeton,
  title={The Princeton companion to mathematics},
  author={Gowers, Timothy and Barrow-Green, June and Leader, Imre},
  year={2010},
  publisher={Princeton University Press}
}

@article{wang1960proving,
  title={Proving theorems by pattern recognition I},
  author={Wang, Hao},
  journal={Communications of the ACM},
  volume={3},
  number={4},
  pages={220--234},
  year={1960},
  publisher={ACM New York, NY, USA}
}

@article{wang1990games,
  title={Games, logic and computers},
  author={Wang, Hao and Wang, Hao},
  journal={Computation, Logic, Philosophy: A Collection of Essays},
  pages={195--217},
  year={1990},
  publisher={Springer}
}

@article{hanna1995challenges,
  title={Challenges to the importance of proof},
  author={Hanna, Gila},
  journal={For the learning of Mathematics},
  volume={15},
  number={3},
  pages={42--49},
  year={1995},
  publisher={JSTOR}
}

@article{hanna1990some,
  title={Some pedagogical aspects of proof},
  author={Hanna, Gila},
  journal={Interchange},
  volume={21},
  number={1},
  pages={6--13},
  year={1990},
  publisher={Kluwer Academic Publishers Dordrecht}
}

@article{thurston1994proof,
  title={On proof and progress in mathematics},
  author={Thurston, William P},
  journal={Bulletin of the American mathematical Society},
  volume={30},
  number={2},
  pages={161--177},
  year={1994}
}

@article{hersh1993proving,
  title={Proving is convincing and explaining},
  author={Hersh, Reuben},
  journal={Educational studies in Mathematics},
  volume={24},
  number={4},
  pages={389--399},
  year={1993},
  publisher={Springer}
}

@article{fischbein1982intuition,
  title={Intuition and proof},
  author={Fischbein, Efraim},
  journal={For the learning of mathematics},
  volume={3},
  number={2},
  pages={9--24},
  year={1982},
  publisher={JSTOR}
}

@article{hanna2000proof,
  title={Proof, explanation and exploration: An overview},
  author={Hanna, Gila},
  journal={Educational studies in mathematics},
  volume={44},
  pages={5--23},
  year={2000},
  publisher={Springer}
}

@article{geuvers2009proof,
  title={Proof assistants: History, ideas and future},
  author={Geuvers, Herman},
  journal={Sadhana},
  volume={34},
  pages={3--25},
  year={2009},
  publisher={Springer}
}

@book{poernomo2005adapting,
  title={Adapting Proofs-as-Programs: The Curry--Howard Protocol},
  author={Poernomo, Iman and Crossley, John N and Wirsing, Martin},
  year={2005},
  publisher={Springer Science \& Business Media}
}

@article{mongin1998expected,
  title={Expected utility theory},
  author={Mongin, Philippe},
  year={1998}
}

@article{hare2010take,
  title={Take the sugar},
  author={Hare, Caspar},
  journal={Analysis},
  volume={70},
  number={2},
  pages={237--247},
  year={2010},
  publisher={Oxford University Press}
}

@article{doody2019opaque,
  title={Opaque sweetening and transitivity},
  author={Doody, Ryan},
  journal={Australasian Journal of Philosophy},
  year={2019},
  publisher={Routledge}
}

@incollection{takemura2000vagueness,
  title={Vagueness in human judgment and decision making},
  author={Takemura, Kazuhisa},
  booktitle={Soft Computing and Human-Centered Machines},
  pages={249--281},
  year={2000},
  publisher={Springer}
}

@book{ording201999,
  title={99 Variations on a Proof},
  author={Ording, Philip},
  year={2019},
  publisher={Princeton University Press}
}

@article{watkins202099,
  title={99 Variations on a Proof by Philip Ording: PRINCETON UNIVERSITY PRESS, 2019, XI+ 260 PP., US $24.95, ISBN: 978-0-691-15883-9},
  author={Watkins, John J},
  journal={The Mathematical Intelligencer},
  volume={42},
  pages={79--81},
  year={2020},
  publisher={Springer}
}

@article{corry2008development,
  title={The development of the idea of proof},
  author={Corry, Leo},
  journal={The Princeton Companion to Mathematics},
  pages={129--142},
  year={2008}
}

@article{whitehead1926principia,
  title={Principia mathematica},
  author={Whitehead, Alfred N},
  year={1926}
}

@article{nelson2024forge,
  title={Forge: A Tool and Language for Teaching Formal Methods},
  author={Nelson, Tim and Greenman, Ben and Prasad, Siddhartha and Dyer, Tristan and Bove, Ethan and Chen, Qianfan and Cutting, Sharles and Del Vecchio, Thomas and LeVine, Sidney and Rudner, Julianne and others},
  year={2024}
}

@misc{christiansen2022functional,
  title={Functional programming in Lean},
  author={Christiansen, David Thrane},
  year={2022},
  publisher={Microsoft Corporation. url: https://leanprover. github. io/functional~â€¦}
}

@inproceedings{abrial2006formal,
  title={Formal methods in industry: achievements, problems, future},
  author={Abrial, Jean-Raymond},
  booktitle={Proceedings of the 28th international conference on Software engineering},
  pages={761--768},
  year={2006}
}

@inproceedings{lecomte2017applying,
  title={Applying a formal method in industry: a 25-year trajectory},
  author={Lecomte, Thierry and D{\'e}harbe, David and Prun, {\'E}tienne and Mottin, Erwan},
  booktitle={Formal Methods: Foundations and Applications: 20th Brazilian Symposium, SBMF 2017, Recife, Brazil, November 29â€”December 1, 2017, Proceedings 20},
  pages={70--87},
  year={2017},
  organization={Springer}
}

@inproceedings{kossak2016select,
  title={How to select the suitable formal method for an industrial application: a survey},
  author={Kossak, Felix and Mashkoor, Atif},
  booktitle={International conference on abstract state machines, alloy, b, tla, vdm, and z},
  pages={213--228},
  year={2016},
  organization={Springer}
}

@article{cheng2006survey,
  title={A survey of formal verification methods and tools for embedded and real-time systems},
  author={Cheng, Albert Mo Kim},
  journal={International Journal of Embedded Systems},
  volume={2},
  number={3-4},
  pages={184--195},
  year={2006},
  publisher={Inderscience Publishers}
}

@article{chaudhuri2017fast,
  title={Fast and precise type checking for JavaScript},
  author={Chaudhuri, Avik and Vekris, Panagiotis and Goldman, Sam and Roch, Marshall and Levi, Gabriel},
  journal={Proceedings of the ACM on Programming Languages},
  volume={1},
  number={OOPSLA},
  pages={1--30},
  year={2017},
  publisher={ACM New York, NY, USA}
}

@inproceedings{gao2017type,
  title={To type or not to type: quantifying detectable bugs in JavaScript},
  author={Gao, Zheng and Bird, Christian and Barr, Earl T},
  booktitle={2017 IEEE/ACM 39th International Conference on Software Engineering (ICSE)},
  pages={758--769},
  year={2017},
  organization={IEEE}
}

@inproceedings{de2008z3,
  title={Z3: An efficient SMT solver},
  author={De Moura, Leonardo and Bj{\o}rner, Nikolaj},
  booktitle={International conference on Tools and Algorithms for the Construction and Analysis of Systems},
  pages={337--340},
  year={2008},
  organization={Springer}
}

@article{fink1997property,
  title={Property-based testing: a new approach to testing for assurance},
  author={Fink, George and Bishop, Matt},
  journal={ACM SIGSOFT Software Engineering Notes},
  volume={22},
  number={4},
  pages={74--80},
  year={1997},
  publisher={ACM New York, NY, USA}
}

@article{maciver2019hypothesis,
  title={Hypothesis: A new approach to property-based testing},
  author={MacIver, David R and Hatfield-Dodds, Zac and others},
  journal={Journal of Open Source Software},
  volume={4},
  number={43},
  pages={1891},
  year={2019}
}

@inproceedings{nawrocki2023extensible,
  title={An extensible user interface for Lean 4},
  author={Nawrocki, Wojciech and Ayers, Edward W and Ebner, Gabriel},
  booktitle={14th International Conference on Interactive Theorem Proving (ITP 2023)},
  year={2023},
  organization={Schloss Dagstuhl-Leibniz-Zentrum f{\"u}r Informatik}
}

@article{ullrich2022beyond,
  title={Beyond notations: Hygienic macro expansion for theorem proving languages},
  author={Ullrich, Sebastian and De Moura, Leonardo},
  journal={Logical Methods in Computer Science},
  volume={18},
  year={2022},
  publisher={Episciences. org}
}

@article{ayers2021graphical,
  title={A graphical user interface framework for formal verification},
  author={Ayers, Edward W and Jamnik, Mateja and Gowers, William T},
  year={2021},
  publisher={Schloss Dagstuhl-Leibniz-Zentrum f{\"u}r Informatik}
}

@phdthesis{ullrich2023extensible,
  title={An Extensible Theorem Proving Frontend},
  author={Ullrich, Sebastian Andreas},
  year={2023},
  school={Dissertation, Karlsruhe, Karlsruher Institut f{\"u}r Technologie (KIT), 2023}
}

@article{lewis2022bi,
  title={A bi-directional extensible interface between lean and mathematica},
  author={Lewis, Robert Y and Wu, Minchao},
  journal={Journal of Automated Reasoning},
  volume={66},
  number={2},
  pages={215--238},
  year={2022},
  publisher={Springer}
}

@article{gladshtein2024small,
  title={Small Scale Reflection for the Working Lean User},
  author={Gladshtein, Vladimir and P{\^\i}rlea, George and Sergey, Ilya},
  journal={arXiv preprint arXiv:2403.12733},
  year={2024}
}

@article{edwards2004type,
  title={A type system for object models},
  author={Edwards, Jonathan and Jackson, Daniel and Torlak, Emina},
  journal={ACM SIGSOFT Software Engineering Notes},
  volume={29},
  number={6},
  pages={189--199},
  year={2004},
  publisher={ACM New York, NY, USA}
}

@book{russell2009philosophy,
  title={The philosophy of logical atomism},
  author={Russell, Bertrand},
  year={2009},
  publisher={Routledge}
}

@phdthesis{milicevic2010executable,
  title={Executable specifications for Java programs},
  author={Milicevic, Aleksandar and others},
  year={2010},
  school={Massachusetts Institute of Technology}
}

@inproceedings{torlak2007kodkod,
  title={Kodkod: A relational model finder},
  author={Torlak, Emina and Jackson, Daniel},
  booktitle={International Conference on Tools and Algorithms for the Construction and Analysis of Systems},
  pages={632--647},
  year={2007},
  organization={Springer}
}

@inproceedings{milicevic2014alpha,
  title={$\alpha$ Rbyâ€”an embedding of Alloy in Ruby},
  author={Milicevic, Aleksandar and Efrati, Ido and Jackson, Daniel},
  booktitle={Abstract State Machines, Alloy, B, TLA, VDM, and Z: 4th International Conference, ABZ 2014, Toulouse, France, June 2-6, 2014. Proceedings 4},
  pages={56--71},
  year={2014},
  organization={Springer}
}

@article{st2023comparison,
  title={A comparison of three solver-aided programming languages: $\alpha$Rby, ProB, and Rosette},
  author={St-Denis, Richard},
  journal={Journal of Computer Languages},
  volume={77},
  pages={101238},
  year={2023},
  publisher={Elsevier}
}

@inproceedings{korner2022embedding,
  title={An embedding of B in Clojure},
  author={K{\"o}rner, Philipp and Mager, Florian},
  booktitle={Proceedings of the 25th International Conference on Model Driven Engineering Languages and Systems: Companion Proceedings},
  pages={598--606},
  year={2022}
}

@phdthesis{milicevic2015advancing,
  title={Advancing declarative programming},
  author={Milicevic, Aleksandar and others},
  year={2015},
  school={Massachusetts Institute of Technology}
}

@article{avigad2019learning,
  title={Learning logic and proof with an interactive theorem prover},
  author={Avigad, Jeremy},
  journal={Proof technology in mathematics research and teaching},
  pages={277--290},
  year={2019},
  publisher={Springer}
}